<record><leader>00000cas a2200000 i 4500</leader><controlfield tag="001">870341088</controlfield><controlfield tag="006">m     o  d        </controlfield><controlfield tag="007">cr |||||||||||</controlfield><controlfield tag="008">140212d18651974vauwr neo     0   a0eng  </controlfield><datafield ind1=" " ind2=" " tag="010"><subfield code="a">  2013271921</subfield></datafield><datafield ind1=" " ind2=" " tag="040"><subfield code="a">DLC</subfield><subfield code="b">eng</subfield><subfield code="e">rda</subfield><subfield code="c">DLC</subfield><subfield code="d">DLC</subfield></datafield><datafield ind1="0" ind2=" " tag="022"><subfield code="a">2333-7796</subfield><subfield code="2">1</subfield></datafield><datafield ind1="1" ind2=" " tag="029"><subfield code="a">NZ1</subfield><subfield code="b">15406768</subfield></datafield><datafield ind1=" " ind2=" " tag="042"><subfield code="a">pcc</subfield><subfield code="a">nsdp</subfield></datafield><datafield ind1=" " ind2=" " tag="043"><subfield code="a">n-us-va</subfield></datafield><datafield ind1="1" ind2="0" tag="050"><subfield code="a">ISSN RECORD</subfield></datafield><datafield ind1="0" ind2="0" tag="082"><subfield code="a">071</subfield><subfield code="2">23</subfield></datafield><datafield ind1="0" ind2=" " tag="130"><subfield code="a">Shenandoah herald (Woodstock, Va. : 1865 : Online)</subfield></datafield><datafield ind1=" " ind2="0" tag="222"><subfield code="a">Shenandoah herald</subfield><subfield code="b">(Woodstock, Va. 1865. Online)</subfield></datafield><datafield ind1="1" ind2="0" tag="245"><subfield code="a">Shenandoah herald.</subfield></datafield><datafield ind1=" " ind2="1" tag="264"><subfield code="a">Woodstock, Va. :</subfield><subfield code="b">Shenandoah Herald Publishing Co.</subfield></datafield><datafield ind1=" " ind2=" " tag="300"><subfield code="a">1 online resource</subfield></datafield><datafield ind1=" " ind2=" " tag="310"><subfield code="a">Weekly</subfield></datafield><datafield ind1=" " ind2=" " tag="336"><subfield code="a">text</subfield><subfield code="b">txt</subfield><subfield code="2">rdacontent</subfield></datafield><datafield ind1=" " ind2=" " tag="337"><subfield code="a">computer</subfield><subfield code="b">c</subfield><subfield code="2">rdamedia</subfield></datafield><datafield ind1=" " ind2=" " tag="338"><subfield code="a">online resource</subfield><subfield code="b">cr</subfield><subfield code="2">rdacarrier</subfield></datafield><datafield ind1="1" ind2=" " tag="362"><subfield code="a">Began in 1865; ceased January 30, 1974.</subfield></datafield><datafield ind1=" " ind2=" " tag="500"><subfield code="a">Publishers: Gatewood &amp; Trout, &lt;November 3, 1865&gt;; John H. Grabill &amp; Co., &lt;1873-1910&gt;.</subfield></datafield><datafield ind1=" " ind2=" " tag="588"><subfield code="a">Description based on: Vol. 58, no. 13 (January 9, 1878); title from masthead (Chroniclingamerica.loc.gov, viewed February 12, 2014).</subfield></datafield><datafield ind1=" " ind2=" " tag="588"><subfield code="a">Latest issue consulted: Vol. 93, no. 51 (December 23, 1910) (Chroniclingamerica.loc.gov, viewed February 12, 2014).</subfield></datafield><datafield ind1=" " ind2="0" tag="651"><subfield code="a">Woodstock (Shenandoah County, Va.)</subfield><subfield code="v">Newspapers.</subfield></datafield><datafield ind1=" " ind2="0" tag="651"><subfield code="a">Shenandoah County (Va.)</subfield><subfield code="v">Newspapers.</subfield></datafield><datafield ind1=" " ind2="7" tag="651"><subfield code="a">Virginia</subfield><subfield code="z">Shenandoah County.</subfield><subfield code="2">fast</subfield><subfield code="0">(OCoLC)fst01219281</subfield></datafield><datafield ind1=" " ind2="7" tag="651"><subfield code="a">Virginia</subfield><subfield code="z">Woodstock (Shenandoah County)</subfield><subfield code="2">fast</subfield><subfield code="0">(OCoLC)fst01313693</subfield></datafield><datafield ind1=" " ind2="7" tag="655"><subfield code="a">Newspapers.</subfield><subfield code="2">fast</subfield><subfield code="0">(OCoLC)fst01423814</subfield></datafield><datafield ind1=" " ind2=" " tag="752"><subfield code="a">United States</subfield><subfield code="b">Virginia</subfield><subfield code="c">Shenandoah</subfield><subfield code="d">Woodstock.</subfield></datafield><datafield ind1="0" ind2="8" tag="776"><subfield code="i">Originally issued in print:</subfield><subfield code="t">Shenandoah herald (Woodstock, Va. : 1865)</subfield><subfield code="x">2333-7788</subfield><subfield code="w">(DLC)sn 85026941</subfield><subfield code="w">(OCoLC)12777562</subfield></datafield><datafield ind1="0" ind2="0" tag="780"><subfield code="t">Tenth legion (Online)</subfield></datafield><datafield ind1="0" ind2="0" tag="785"><subfield code="t">Shenandoah herald and Shenandoah valley (Online)</subfield></datafield><datafield ind1="4" ind2="0" tag="856"><subfield code="u">http://chroniclingamerica.loc.gov/lccn/sn85026941/</subfield></datafield><datafield ind1="4" ind2="0" tag="856"><subfield code="u">http://www.virginiachronicle.com/</subfield></datafield></record>